@article{brandes2001faster,
  title={A faster algorithm for betweenness centrality},
  author={Brandes, Ulrik},
  journal={Journal of mathematical sociology},
  volume={25},
  number={2},
  pages={163--177},
  year={2001},
  publisher={Taylor \& Francis}
}

@misc{longDoubleWiki,
  title = {{Long Double - Wikipedia}},
  howpublished = "\url{https://en.wikipedia.org/wiki/Long_double}",
  year = {2017},
  note = "[Online; acessado em 16 de Outubro de 2017]"
}


@misc{scriptPermissionsStack,
  title = {{Setting Script Permissions - Stack Overflow}},
  howpublished = "\url{https://stackoverflow.com/questions/29230778/bash-script-not-running}",
  year = {2017},
  note = "[Online; acessado em 16 de Outubro de 2017]"
}
